@article{yu2019info,
  author    = {Lili Yu and
               Howard Chen and
               Sida I. Wang and
               Yoav Artzi and
               Tao Lei},
  title     = {Interactive Classification by Asking Informative Questions},
  journal   = {CoRR},
  volume    = {abs/1911.03598},
  year      = {2019},
  url       = {http://arxiv.org/abs/1911.03598},
  eprinttype = {arXiv},
  eprint    = {1911.03598},
  timestamp = {Thu, 28 May 2020 17:08:31 +0200},
  biburl    = {https://dblp.org/rec/journals/corr/abs-1911-03598.bib},
  bibsource = {dblp computer science bibliography, https://dblp.org}
}

@article{onecommon,
title={A Natural Language Corpus of Common Grounding under Continuous and Partially-Observable Context},
volume={33},
url={https://ojs.aaai.org/index.php/AAAI/article/view/4694}, DOI={10.1609/aaai.v33i01.33017120},
number={01},
journal={Proceedings of the AAAI Conference on Artificial Intelligence},
author={Udagawa, Takuma and Aizawa, Akiko}, year={2019}, month={Jul.}, pages={7120-7127} }
